<?xml version="1.0" encoding="UTF-8"?><collection xmlns="http://www.loc.gov/MARC21/slim"><record><leader>00580nam--2200193-u-4500</leader><controlfield tag="001">000056834</controlfield><controlfield tag="002">20191113</controlfield><controlfield tag="005">20191113042011</controlfield><controlfield tag="008">191113s1000------------r-----000-0-eng-d</controlfield><datafield ind1=" " ind2=" " tag="040"><subfield code="a">IFIN-HH</subfield></datafield><datafield ind1=" " ind2=" " tag="041"><subfield code="a">eng</subfield></datafield><datafield ind1="1" ind2=" " tag="100"><subfield code="a">Stanculescu,Florin</subfield></datafield><datafield ind1="1" ind2="0" tag="245"><subfield code="a">THE 8th INTERNATIONALCONFERENCE ON ADVANCED MATERIALS, ROCAM 2015</subfield><subfield code="c">FLORIN STANCULESCU, CLAUDIA NASTASE, ANCA DUMITRU</subfield></datafield><datafield ind1=" " ind2=" " tag="260"><subfield code="a">BUCHAREST, ROMANIA</subfield><subfield code="b">EDITURA GRANADA</subfield><subfield code="c">2015</subfield></datafield><datafield ind1=" " ind2=" " tag="300"><subfield code="a">X176 P</subfield></datafield><datafield ind1=" " ind2=" " tag="500"><subfield code="a">DONATIE GHEORGHE DINESCU</subfield></datafield><datafield ind1="1" ind2=" " tag="700"><subfield code="a">DUMITRU, ANCA</subfield></datafield><datafield ind1=" " ind2=" " tag="852"><subfield code="a">82777</subfield><subfield code="c">061.3</subfield></datafield><datafield ind1=" " ind2=" " tag="CAT"><subfield code="a">SYS</subfield><subfield code="c">20191113</subfield><subfield code="h">042011</subfield></datafield></record></collection>